@inproceedings{narciso_farias_gramatica_2012,
  title = {Una {{Gramática Libre}} de {{Contexto}} Para El {{Lenguaje}} Del {{Ambiente}} de {{Visualización Molecular}} - {{AVISMO}}},
  author = {Narciso Farias, Flor and Rios, Addison and Hidrobo, Francisco and Vicuña, O.},
  date = {2012-05-09},
  abstract = {A objeto de generar gráficos en 2D y 3D de modelos moleculares de compuestos orgánicos a partir de un pro- grama escrito en el Lenguaje del Ambiente de Visualización Molecular (AVISMO) utilizando un traductor, en este artículo se presenta la definición de una gramática, la cual está conformada por la unión de dos gramáticas, una que genera el Lenguaje de Especificación de Modelos Moleculares (LEMM), y la otra que genera el Lenguaje de Operación y Manejo de Modelos Moleculares (LOMMM). Estas gramáticas están definidas en función de los elementos que conforman una gramática formal de tipo 2 o libre de contexto (símbolos terminales, símbolos no terminales, axioma y reglas de producción). Se presenta como resultado la gramática libre de contexto resultante de la unión de estas dos gramáticas, una vez sometida a un proceso de transformación de sus reglas de producción de notación EBNF a notación BNF-no ampliada, seguido de un proceso de limpieza de la misma, con el fin de obtener re- glas de producción fáciles de manipular por el traductor desarrollado para AVISMO bajo el paradigma de software libre.},
  file = {/home/smokey/Zotero/storage/GQBTZGVH/Narciso Farias et al. - 2012 - Una Gramática Libre de Contexto para el Lenguaje d.pdf}
}

@software{tapkeer_flex_2023,
  title = {Flex, {{Bison}}, {{Yacc Sample Code}}},
  author = {Tapkeer, Sanved},
  date = {2023-01-17T10:39:54Z},
  origdate = {2019-03-04T01:21:16Z},
  url = {https://github.com/sanved77/flexbison},
  urldate = {2023-02-02},
  abstract = {Code for the YouTube tutorials on Flex and Bison}
}

